<record><leader>00000cas a22000007a 4500</leader><controlfield tag="001">15719153</controlfield><controlfield tag="008">870521d18791881inuwr ne      0    0eng d</controlfield><controlfield tag="009">5452</controlfield><datafield ind1=" " ind2=" " tag="010"><subfield code="a">sn 87056009 </subfield></datafield><datafield ind1=" " ind2=" " tag="040"><subfield code="a">NPI</subfield><subfield code="b">eng</subfield><subfield code="c">NPI</subfield><subfield code="d">OCLCQ</subfield></datafield><datafield ind1=" " ind2=" " tag="042"><subfield code="a">msc</subfield></datafield><datafield ind1="0" ind2="4" tag="245"><subfield code="a">The Elkhart Democrat.</subfield></datafield><datafield ind1=" " ind2=" " tag="260"><subfield code="a">Elkhart, Elkhart County, Ind. :</subfield><subfield code="b">G.F. Shutt,</subfield><subfield code="c">1879-</subfield></datafield><datafield ind1=" " ind2=" " tag="310"><subfield code="a">Weekly</subfield></datafield><datafield ind1="0" ind2=" " tag="362"><subfield code="a">Vol. 12, no. 21 (May 23, 1879)-</subfield></datafield><datafield ind1="1" ind2=" " tag="362"><subfield code="a">Ceased with Dec. 30, 1881 issue.</subfield></datafield><datafield ind1=" " ind2=" " tag="752"><subfield code="a">United States</subfield><subfield code="b">Indiana</subfield><subfield code="c">Elkhart</subfield><subfield code="d">Elkhart.</subfield></datafield><datafield ind1="0" ind2="0" tag="780"><subfield code="t">Democratic union (Elkhart, Ind.)</subfield><subfield code="w">(DLC)sn 84027341</subfield></datafield><datafield ind1="0" ind2="0" tag="785"><subfield code="t">Elkhart monitor</subfield><subfield code="w">(DLC)sn 87056008</subfield></datafield></record>